<record><leader>00000cas a2200000 a 4500</leader><controlfield tag="001">36441733</controlfield><controlfield tag="007">hd afb017bacp</controlfield><controlfield tag="007">hd bfb017baap</controlfield><controlfield tag="007">hd bfb017babp</controlfield><controlfield tag="008">970225c19uu9999flucr nea     0    0eng c</controlfield><datafield ind1=" " ind2=" " tag="010"><subfield code="a">sn 97027674 </subfield></datafield><datafield ind1=" " ind2=" " tag="040"><subfield code="a">FUG</subfield><subfield code="b">eng</subfield><subfield code="c">FUG</subfield><subfield code="d">OCLCQ</subfield><subfield code="d">OCLCF</subfield><subfield code="d">OCLCO</subfield><subfield code="d">OCLCQ</subfield></datafield><datafield ind1=" " ind2=" " tag="012"><subfield code="i">9702</subfield></datafield><datafield ind1=" " ind2=" " tag="037"><subfield code="b">George A. Smathers Libraries, University of Florida, Preservation Office, Gainesville, FL 32611</subfield></datafield><datafield ind1=" " ind2=" " tag="042"><subfield code="a">pcc</subfield></datafield><datafield ind1=" " ind2=" " tag="043"><subfield code="a">n-us-fl</subfield></datafield><datafield ind1="0" ind2="0" tag="245"><subfield code="a">Clay today.</subfield></datafield><datafield ind1="1" ind2="3" tag="246"><subfield code="a">Today</subfield></datafield><datafield ind1=" " ind2=" " tag="260"><subfield code="a">Orange Park, FL :</subfield><subfield code="b">Clay Today</subfield></datafield><datafield ind1=" " ind2=" " tag="300"><subfield code="a">volumes :</subfield><subfield code="b">illustrations (some color) ;</subfield><subfield code="c">36 cm</subfield></datafield><datafield ind1=" " ind2=" " tag="310"><subfield code="a">Semiweekly (Wednesday and Friday, except Federal holidays),</subfield><subfield code="b">&lt;1996-1997&gt;</subfield></datafield><datafield ind1=" " ind2=" " tag="321"><subfield code="a">Daily (Tuesday-Saturday, except holidays),</subfield><subfield code="b">&lt;1995&gt;</subfield></datafield><datafield ind1=" " ind2=" " tag="336"><subfield code="a">text</subfield><subfield code="b">txt</subfield><subfield code="2">rdacontent</subfield></datafield><datafield ind1=" " ind2=" " tag="337"><subfield code="a">microform</subfield><subfield code="b">h</subfield><subfield code="2">rdamedia</subfield></datafield><datafield ind1=" " ind2=" " tag="338"><subfield code="a">microfilm reel</subfield><subfield code="b">hd</subfield><subfield code="2">rdacarrier</subfield></datafield><datafield ind1=" " ind2=" " tag="500"><subfield code="a">"News you can use."</subfield></datafield><datafield ind1=" " ind2=" " tag="588"><subfield code="a">Description based on: Vol. 21, no. 21 (Jan. 18, 1994).</subfield></datafield><datafield ind1=" " ind2=" " tag="588"><subfield code="a">Latest issue consulted: Vol. 25, no. 16 (Feb. 21, 1997).</subfield></datafield><datafield ind1=" " ind2=" " tag="533"><subfield code="a">Microfilm.</subfield><subfield code="m">(Nov. 1, 1996- )</subfield><subfield code="b">Gainesville, FL :</subfield><subfield code="c">George A. Smathers Libraries, University of Florida,</subfield><subfield code="d">1997-</subfield><subfield code="e">microfilm reel(s) ; 35 mm.</subfield></datafield><datafield ind1=" " ind2=" " tag="539"><subfield code="a">c</subfield><subfield code="b">1996</subfield><subfield code="c">9999</subfield><subfield code="d">flu</subfield><subfield code="e">u</subfield><subfield code="f">u</subfield><subfield code="g">a</subfield></datafield><datafield ind1=" " ind2="0" tag="651"><subfield code="a">Orange Park (Fla.)</subfield><subfield code="v">Newspapers.</subfield></datafield><datafield ind1=" " ind2="0" tag="651"><subfield code="a">Clay County (Fla.)</subfield><subfield code="v">Newspapers.</subfield></datafield><datafield ind1=" " ind2="7" tag="651"><subfield code="a">Florida</subfield><subfield code="z">Clay County.</subfield><subfield code="2">fast</subfield><subfield code="0">(OCoLC)fst01215457</subfield></datafield><datafield ind1=" " ind2="7" tag="651"><subfield code="a">Florida</subfield><subfield code="z">Orange Park.</subfield><subfield code="2">fast</subfield><subfield code="0">(OCoLC)fst01215469</subfield></datafield><datafield ind1=" " ind2="7" tag="655"><subfield code="a">Newspapers.</subfield><subfield code="2">fast</subfield><subfield code="0">(OCoLC)fst01423814</subfield></datafield><datafield ind1=" " ind2=" " tag="752"><subfield code="a">United States</subfield><subfield code="b">Florida</subfield><subfield code="c">Clay</subfield><subfield code="d">Orange Park.</subfield></datafield><datafield ind1="1" ind2=" " tag="776"><subfield code="c">Original</subfield><subfield code="w">(DLC)sn 96027739</subfield><subfield code="w">(OCoLC)33500707</subfield></datafield><datafield ind1="0" ind2="5" tag="780"><subfield code="t">Clay County crescent</subfield><subfield code="h">[microform]</subfield><subfield code="g">1996</subfield><subfield code="w">(DLC)sn 96027452</subfield><subfield code="w">(OCoLC)35124214</subfield></datafield><datafield ind1=" " ind2=" " tag="850"><subfield code="a">FU</subfield><subfield code="a">FU (master)</subfield></datafield><datafield ind1="1" ind2=" " tag="029"><subfield code="a">AU@</subfield><subfield code="b">000013140951</subfield></datafield></record>